<?xml version="1.0" encoding="utf-8"?>
<record xmlns="http://www.loc.gov/MARC21/slim" xmlns:xsi="http://www.w3.org/2001/XMLSchema-instance" xsi:schemaLocation="http://www.loc.gov/MARC21/slim http://www.loc.gov/standards/marcxml/schema/MARC21slim.xsd">
	<leader>     nam a22        4500</leader>
	<controlfield tag="001">1480024</controlfield>
	<controlfield tag="003">NNC</controlfield>
	<controlfield tag="006">m        d        </controlfield>
	<controlfield tag="007">cr cn |||m|||a</controlfield>
	<controlfield tag="008">160519s1973    ir      ob    000 0 arar </controlfield>
	<datafield ind1=" " ind2=" " tag="040">
		<subfield code="a">NNU</subfield>
		<subfield code="b">eng</subfield>
		<subfield code="e">rda</subfield>
		<subfield code="c">NNU</subfield>
	</datafield>
	<datafield ind1="0" ind2="0" tag="050">
		<subfield code="a">B430.A8</subfield>
		<subfield code="b">A7</subfield>
	</datafield>
	<datafield ind1="0" ind2=" " tag="100">
		<subfield code="6">880-01</subfield>
		<subfield code="a">Aristotle.</subfield>
	</datafield>
	<datafield ind1="1" ind2="0" tag="240">
		<subfield code="a">Nicomachean ethics.</subfield>
		<subfield code="l">Arabic</subfield>
	</datafield>
	<datafield ind1="0" ind2="0" tag="245">
		<subfield code="6">880-02</subfield>
		<subfield code="a">ʻIlm al-akhlāq ilá Nīqūmākhūs /</subfield>
		<subfield code="c">taʼlīf Aristūtālīs ; tarjamah min al-yūnānīyah ilá al-faransīyah wa ṣaddarah bi-muqaddimah mumattaʻah fī ʻilm al-akhlāq wa-taṭawurātuh wa-ʻallaq ʻalayha taʻlīqāt tafsīrīyah Bārtalamy Sāntihlyr ; wa-naqalah ilá al-ʻarabīyah Aḥmad Luṭfī al-Sayyid.</subfield>
	</datafield>
	<datafield ind1=" " ind2=" " tag="260">
		<subfield code="6">880-03</subfield>
		<subfield code="a">Teherān :</subfield>
		<subfield code="b">Intishārāt-i Āftāb,</subfield>
		<subfield code="c">[1973]</subfield>
	</datafield>
	<datafield ind1=" " ind2=" " tag="300">
		<subfield code="a">online resource (2 volumes)</subfield>
	</datafield>
	<datafield ind1=" " ind2=" " tag="336">
		<subfield code="a">text</subfield>
		<subfield code="2">rdacontent</subfield>
	</datafield>
	<datafield ind1=" " ind2=" " tag="337">
		<subfield code="a">computer</subfield>
		<subfield code="2">rdamedia</subfield>
	</datafield>
	<datafield ind1=" " ind2=" " tag="338">
		<subfield code="a">online resource</subfield>
		<subfield code="2">rdacarrier</subfield>
	</datafield>
	<datafield ind1=" " ind2=" " tag="500">
		<subfield code="a">Vol. 2 has added t.p.: Science of ethics.</subfield>
	</datafield>
	<datafield ind1=" " ind2=" " tag="500">
		<subfield code="a">Reprint of the 1924 ed. published by Maṭbaʻat Dār al-Kutub al-Miṣrīyah, Cairo.</subfield>
	</datafield>
	<datafield ind1=" " ind2=" " tag="500">
		<subfield code="a">Part of the Arabic Collections Online (ACO) project, contributed by Columbia University Libraries.</subfield>
	</datafield>
	<datafield ind1=" " ind2=" " tag="504">
		<subfield code="a">Includes bibliographical references.</subfield>
	</datafield>
	<datafield ind1=" " ind2=" " tag="533">
		<subfield code="a">Electronic reproduction.</subfield>
		<subfield code="b">New York, N.Y. :</subfield>
		<subfield code="c">New York University,</subfield>
		<subfield code="d">2016.</subfield>
		<subfield code="5">NNU</subfield>
	</datafield>
	<datafield ind1=" " ind2="0" tag="650">
		<subfield code="a">Ethics.</subfield>
	</datafield>
	<datafield ind1=" " ind2="7" tag="650">
		<subfield code="a">Ethics.</subfield>
		<subfield code="2">fast</subfield>
		<subfield code="0">(OCoLC)fst00915833</subfield>
	</datafield>
	<datafield ind1="1" ind2=" " tag="700">
		<subfield code="6">880-04</subfield>
		<subfield code="a">Barthélemy Saint-Hilaire, J.</subfield>
		<subfield code="q">(Jules),</subfield>
		<subfield code="d">1805-1895,</subfield>
		<subfield code="e">editor.</subfield>
	</datafield>
	<datafield ind1="2" ind2=" " tag="710">
		<subfield code="a">Columbia University.</subfield>
		<subfield code="b">Libraries.</subfield>
	</datafield>
	<datafield ind1="0" ind2=" " tag="730">
		<subfield code="a">Arabic Collections Online.</subfield>
	</datafield>
	<datafield ind1="0" ind2=" " tag="740">
		<subfield code="a">Science of ethics.</subfield>
	</datafield>
	<datafield ind1="0" ind2="8" tag="776">
		<subfield code="i">Online version:</subfield>
		<subfield code="a">Aristotle.</subfield>
		<subfield code="s">Nicomachean ethics Arabic.</subfield>
		<subfield code="t">ʻIlm al-akhlāq ilá Nīqūmākhūs.</subfield>
		<subfield code="d">Teherān : Intishārāt-i Āftāb, [1973]</subfield>
		<subfield code="w">(OCoLC)607567581</subfield>
	</datafield>
	<datafield ind1="0" ind2="8" tag="776">
		<subfield code="i">Online version:</subfield>
		<subfield code="a">Aristotle.</subfield>
		<subfield code="s">Nicomachean ethics Arabic.</subfield>
		<subfield code="t">ʻIlm al-akhlāq ilá Nīqūmākhūs.</subfield>
		<subfield code="d">Teherān : Intishārāt-i Āftāb, [1973]</subfield>
		<subfield code="w">(OCoLC)608241253</subfield>
	</datafield>
	<datafield ind1="0" ind2="8" tag="776">
		<subfield code="i">Print version:</subfield>
		<subfield code="a">Aristotle.</subfield>
		<subfield code="t">ʻIlm al-akhlāq ilá Nīqūmākhūs</subfield>
		<subfield code="w">(NNC)1480024</subfield>
		<subfield code="w">(DLC)  74960397 </subfield>
		<subfield code="w">(OCoLC)23490851</subfield>
	</datafield>
	<datafield ind1="4" ind2="0" tag="856">
		<subfield code="u">http://hdl.handle.net/2333.1/2bvq8669</subfield>
	</datafield>
	<datafield ind1="4" ind2="0" tag="856">
		<subfield code="u">http://hdl.handle.net/2333.1/2bvq8669</subfield>
	</datafield>
	<datafield ind1="0" ind2=" " tag="880">
		<subfield code="6">100-01</subfield>
		<subfield code="a">أرسطوطاليس.</subfield>
	</datafield>
	<datafield ind1="0" ind2="0" tag="880">
		<subfield code="6">245-02</subfield>
		<subfield code="a">علم  الاخلاق الى نيقوماخوس /</subfield>
		<subfield code="c">تأليف ارستوتاليس ؛ ترجمة من اليونانية الى الفرنسية و صدرة بمقدمة ممتعة في علم الاخلاق وتطوراته وعلق عليه تعليقات تفسيرية بارتلمي سانتهلير ؛ ونقلة الى العربية احمد لطفي السيد.</subfield>
	</datafield>
	<datafield ind1=" " ind2=" " tag="880">
		<subfield code="6">260-03</subfield>
		<subfield code="a">تهران :</subfield>
		<subfield code="b">انتشاراتا آفتاب،</subfield>
		<subfield code="c">[1973]</subfield>
	</datafield>
	<datafield ind1=" " ind2=" " tag="880">
		<subfield code="6">500-00</subfield>
		<subfield code="a">&quot;ترجمة من اليونانية الى الفرنسية و صدرة بمقدمة ممتعة في علم الاخلاق وتطوراته وعلق عليه تعليقات تفسيرية بارتلمي سانتهلير ؛ ونقلة الى العربية احمد لطفي السيد.&quot;</subfield>
	</datafield>
	<datafield ind1="1" ind2=" " tag="880">
		<subfield code="6">700-04</subfield>
		<subfield code="a">بارتلمي سانتهلير.</subfield>
	</datafield>
	<datafield ind1=" " ind2=" " tag="959">
		<subfield code="a">NNU</subfield>
		<subfield code="b">WEB</subfield>
		<subfield code="c">GENI</subfield>
		<subfield code="t">0</subfield>
		<subfield code="m">Electronic access</subfield>
		<subfield code="s">01</subfield>
	</datafield>
	<datafield ind1=" " ind2=" " tag="959">
		<subfield code="a">NNU</subfield>
		<subfield code="b">WEB</subfield>
		<subfield code="c">GENI</subfield>
		<subfield code="t">0</subfield>
		<subfield code="m">Electronic access</subfield>
		<subfield code="s">01</subfield>
	</datafield>
	<datafield ind1=" " ind2=" " tag="999">
		<subfield code="i">NNC_1480024</subfield>
		<subfield code="o">(OCoLC)ocm23490851</subfield>
		<subfield code="s">columbia_aco001245:v.1</subfield>
		<subfield code="s">columbia_aco001246:v.2</subfield>
		<subfield code="e">(ERROR-880)</subfield>
		<subfield code="s">columbia_aco001245:v.1</subfield>
		<subfield code="s">columbia_aco001246:v.2</subfield>
	</datafield>
</record>
